



@Article{billerey01,
  author = 	 {C. Billerey and D. Chopin and M. H. Aubriot-Lorton and D. Ricol and S. Gil Diez de Medina and B. Van Rhijn and M. P. Bralet and M. A. Lefrere-Belda and J. B. Lahaye and C. C. Abbou and J. Bonaventure and E. S. Zafrani and T. van der Kwast and J. P. Thiery  and  F. Radvanyi},
  title = 	 {Frequent {FGFR3} mutations in papillary non-invasive bladder (p{T}a) tumors},
  journal = 	 {Am. J. Pathol.},
  year = 	 {2001},
  OPTkey = 	 {},
  volume = 	 {158},
  OPTnumber = 	 {},
  pages = 	 {955-1959},
  OPTmonth = 	 {},
  OPTnote = 	 {},
  OPTannote = 	 {}
}



@Article{hupe04,
  author = 	 {P. Hupé and N. Stransky and J. P. Thiery and F. Radvanyi and E. Barillot},
  title = 	 {Analysis of array {CGH} data: from signal ratio to gain and loss of {DNA} regions},
  journal = 	 {Bioinformatics},
  year = 	 {2004},
  OPTkey = 	 {},
  volume = 	 {20},
  OPTnumber = 	 {18},
  pages = 	 {3413-3422},
  OPTmonth = 	 {},
  OPTnote = 	 {},
  OPTannote = 	 {}
}




@Article{ishkanian04,
  author = 	 {A. S. Ishkanian and C. A. Malloff and S. K. Watson and R. J. DeLeeuw and B. Chi and B. P. Coe and A. Snijders and D. G. Albertson and D. Pinkel and M. A. Marra and V. Ling and C. MacAulay and W. L. Lam},
  title = 	 {A tiling resolution {DNA} microarray with complete coverage of the human genome},
  journal = 	 {Nat. Genet.},
  year = 	 {2004},
  OPTkey = 	 {},
  volume = 	 {36},
  OPTnumber = 	 {3},
  pages = 	 {299-303},
  OPTmonth = 	 {},
  OPTnote = 	 {},
  OPTannote = 	 {}
}




@ARTICLE{pinkel98,
    Author         = {D. Pinkel and R.  Segraves and D. Sudar and S. Clark and I.  Poole and D. Kowbel and C. Collins and W. L. Kuo and C. Chen and Y.  Zhai and S. H. Dairkee and B. M. Ljung and J. W.  Gray and D. G. Albertson},
    Journal        = {Nat. Genet.},
    Title          = {High resolution analysis of DNA copy number variation using comparative genomic hybridization to microarrays},
    Year           = {1998},
    volume	   = {20},
    OPTnumber      = {},
    pages          = {207-211}
}




@UNPUBLISHED{polzehl02,
    Author         = {J. Polzehl  and S. Spokoiny},
    Note           = {WIAS-Preprint 787},
    Title          = {Local likelihood modelling by adaptive weights smoothing},
    Year           = {2002}
}



@ARTICLE{snijders01,
    Author         = {A. M. Snijders and N. Nowak and R. Segraves and S. Blackwood and N. Brown and J.  Conroy and G. Hamilton and A. K. Hindle and B.  Huey and K. Kimura and S. Law S and K. Myambo and J. Palmer and B. Ylstra and J. P. Yue and J. W. Gray and A. N. Jain and D. Pinkel and D. G. Albertson},
    Journal        = {Nat. Genet.},
    Title          = {Assembly of microarrays for genome-wide measurement of DNA copy number},
    Year           = {2001},
    volume         = {29},
    OPTnumber         = {3},
    pages          = {263-4}
}




@Article{solinas97,
  author = 	 {S. Solinas-Toldo and S. Lampel and S. Stilgenbauer and J. Nickolenko and A. Benner and H. Dohner and T. Cremer and P. Lichter},
  title = 	 {Matrix-based comparative genomic hybridization: Biochips to screen for genomic imbalances},
  journal = 	 {Genes Chromosomes Cancer},
  year = 	 {1997},
  OPTkey = 	 {},
  volume = 	 {20},
  OPTnumber = 	 {4},
  pages = 	 {399-407},
  OPTmonth = 	 {},
  OPTnote = 	 {},
  OPTannote = 	 {}
}


@Article{veltman03,
   Author="Veltman, Joris A and Fridlyand, Jane and Pejavar, Sunanda and Olshen, Adam B and Korkola, James E and DeVries, Sandy and Carroll, Peter and Kuo, Wen-Lin and Pinkel, Daniel and Albertson, Donna and Cordon-Cardo, Carlos and Jain, Ajay N and Waldman, Frederic M",
   Title="{Array-based comparative genomic hybridization for genome-wide screening of DNA copy number in bladder tumors}",
   Journal="Cancer Res",
   Year="2003",
   Volume="63",
   Pages="2872--2880",
}


@ARTICLE{polzehl00,
  author = {J. Polzehl  and S. Spokoiny},
  title = {Adaptive Weights Smoothing with applications to image restoration},
  journal = {J. Roy. Statistical Society, Series B},
  year = {2000},
  pages = {335-354},
}



@Article{yaacov08,
  author = 	 {Erez Ben-Yaacov and Yonina C. Eldar},
  title = 	 {A fast and flexible method for the segmentation of aCGH data},
  journal = 	 {Bioinformatics},
  year = 	 {2008},
  OPTkey = 	 {},
  volume = 	 {24},
  pages = 	 {i139-i145},
  OPTmonth = 	 {},
  OPTnote = 	 {},
  OPTannote = 	 {}
}
